<?xml version="1.0" encoding="UTF-8"?>
<collection xmlns:xsi="http://www.w3.org/2001/XMLSchema-instance" xsi:schemaLocation="http://www.loc.gov/MARC21/slim http://www.loc.gov/standards/marcxml/schema/MARC21slim.xsd" xmlns="http://www.loc.gov/MARC21/slim">
<record>
  <leader>01257mam a2200301 a 4500</leader>
  <controlfield tag="001">2627442</controlfield>
  <controlfield tag="003">NNC</controlfield>
  <controlfield tag="005">20130520194958.0</controlfield>
  <controlfield tag="008">001101s1942    ua       bd   000 0cara d</controlfield>
  <datafield tag="035" ind1=" " ind2=" ">
    <subfield code="a">(OCoLC)40570253</subfield>
  </datafield>
  <datafield tag="035" ind1=" " ind2=" ">
    <subfield code="a">(OCoLC)ocm40570253</subfield>
  </datafield>
  <datafield tag="035" ind1=" " ind2=" ">
    <subfield code="a">(CStRLIN)CTYN00-B10583</subfield>
  </datafield>
  <datafield tag="035" ind1=" " ind2=" ">
    <subfield code="a">(CStRLIN)CTYN00-B10583</subfield>
  </datafield>
  <datafield tag="035" ind1=" " ind2=" ">
    <subfield code="9">AQX1386CU</subfield>
  </datafield>
  <datafield tag="035" ind1=" " ind2=" ">
    <subfield code="a">(NNC)2627442</subfield>
  </datafield>
  <datafield tag="035" ind1=" " ind2=" ">
    <subfield code="a">2627442</subfield>
  </datafield>
  <datafield tag="040" ind1=" " ind2=" ">
    <subfield code="a">CUD</subfield>
    <subfield code="c">CUD</subfield>
    <subfield code="d">OCL</subfield>
    <subfield code="d">NBiSU</subfield>
    <subfield code="d">CtY</subfield>
  </datafield>
  <datafield tag="100" ind1="1" ind2=" ">
    <subfield code="a">ʻĪsá, Aḥmad,</subfield>
    <subfield code="c">al-Duktūr.</subfield>
  </datafield>
  <datafield tag="245" ind1="1" ind2="0">
    <subfield code="a">Muʻjam al-aṭibbāʾ :</subfield>
    <subfield code="b">min sanat 650 H ilā yawminā hādhā /</subfield>
    <subfield code="c">taʾlīf Aḥmad ʻĪsá.</subfield>
  </datafield>
  <datafield tag="250" ind1=" " ind2=" ">
    <subfield code="a">al-Ṭabʻah 1.</subfield>
  </datafield>
  <datafield tag="260" ind1=" " ind2=" ">
    <subfield code="a">Miṣr :</subfield>
    <subfield code="b">Maṭbaʻat Fatḥ ʾAllāh ʾIlyās Nūrī,</subfield>
    <subfield code="c">1942.</subfield>
  </datafield>
  <datafield tag="300" ind1=" " ind2=" ">
    <subfield code="a">527 p. ;</subfield>
    <subfield code="c">25 cm.</subfield>
  </datafield>
  <datafield tag="490" ind1="1" ind2=" ">
    <subfield code="a">Jāmiʻat Fuʾād al-Awwal. Kullīyat al-Ṭibb. al-Muʾallaf ;</subfield>
    <subfield code="v">raqm 18</subfield>
  </datafield>
  <datafield tag="500" ind1=" " ind2=" ">
    <subfield code="a">"Dhayl ʻUyūn al-anbāʾ fī ṭabaqāt al-aṭibbāʾ li-Ibn Abī ʻUṣaybiʻah".</subfield>
  </datafield>
  <datafield tag="504" ind1=" " ind2=" ">
    <subfield code="a">Includes bibliographies.</subfield>
  </datafield>
  <datafield tag="650" ind1=" " ind2="0">
    <subfield code="a">Physicians, Arab</subfield>
    <subfield code="v">Biography</subfield>
    <subfield code="v">Dictionaries.</subfield>
  </datafield>
  <datafield tag="700" ind1="1" ind2=" ">
    <subfield code="a">Ibn Abī Uṣaybiʻah, Aḥmad ibn al-Qāsim,</subfield>
    <subfield code="d">-1269 or 1270.</subfield>
    <subfield code="t">ʻUyūn al-anbāʼ fī ṭabaqāt al-aṭibbāʼ.</subfield>
  </datafield>
  <datafield tag="830" ind1=" " ind2="0">
    <subfield code="a">Jāmiʻat Fuʼād al-Awwal. Kullīyat al-Ṭibb. al-Muʼallaf ;</subfield>
    <subfield code="v">raqm 18.</subfield>
  </datafield>
  <datafield tag="955" ind1=" " ind2=" ">
    <subfield code="b">CU55285880</subfield>
    <subfield code="d">off,glx</subfield>
    <subfield code="e">R134 .A45</subfield>
  </datafield>
</record>
</collection>